@book{DavidC,
  title={{\'A}lgebra lineal y sus aplicaciones},
  author={Lay, David C},
  year={2012},
  publisher={Pearson Educaci{\'o}n, M{\'e}xico}
}

@book{kolman,
  title={{\'A}lgebra lineal},
  author={Kolman, Bernard and Hill, David R},
  year={2006},
  publisher={Pearson Educaci{\'o}n}
}